@Manual{JarrahForest,
  title = {Long‐term data suggest jarrah‐forest establishment at restored mine sites is resistant to climate variability},
  author = {{Rachel J. Standish}},
  organization = {British Ecological Society},
  year = {2015},
  url = {https://besjournals.onlinelibrary.wiley.com/doi/full/10.1111/1365-2745.12301},
}

@Manual{IndianOcean,
  title = {Key findings from the Indian Ocean Climate Initiative and their impact on policy development in Australia},
  author = {{Bates, B.C}},
  organization = {British Ecological Society},
  year = {2008},
  pages = {339-354},
  chapter = {89}
}

@Manual{Jarrah,
  title = {Jarrah},
  organization = {Forest Products Commission of Western Australia},
  url = {http://www.fpc.wa.gov.au},
}

@Manual{Diebeck,
  title = {Phytophthora root rot - fact sheet},
  organization = {Plant Disease Diagnostic Unit},
  address = {Mrs. Macquaries Rd Sydney MSW },
  email = {pddu@rbgsyd.nsw.gov.au},
  url = {https://web.archive.org/web/20050307053709/http://www.rbgsyd.gov.au/information_about_plants/pests_diseases/fact_sheets/phytophthora_root_rot}
}

@Manual{Ombrothermic,
  title = {Geography 11th std},
  organization = {Department of School Education: Government of Tamil Nadu},
  year = {2019},
  chapter = {10},
  url = {https://www.brainkart.com/article/Ombrothermic-Diagram_33847/}
}