@article{2002ClRes,
  author = {{Frich}, P. and {Alexander}, LV and {Della-Marta}, P. and {Gleason}, B. and
    {Haylock}, M. and {Klein Tank}, AMG and {Peterson}, T.},
  title = "{Observed coherent changes in climatic extremes during the second half of the twentieth century}",
  journal = {Climate Research},
  year = 2002,
  month = jan,
  volume = {19},
  pages = {193-212},
  doi = {10.3354/cr019193},
  adsurl = {https://ui.adsabs.harvard.edu/abs/2002ClRes..19..193F},
  adsnote = {Provided by the SAO/NASA Astrophysics Data System}
}

@article{Robinson,
    author = {Robinson, Peter J.},
    title = "{On the Definition of a Heat Wave}",
    journal = {Journal of Applied Meteorology},
    volume = {40},
    number = {4},
    pages = {762-775},
    year = {2001},
    month = {04},
    issn = {0894-8763},
    doi = {10.1175/1520-0450(2001)040<0762:OTDOAH>2.0.CO;2},
    url = {https://doi.org/10.1175/1520-0450(2001)040<0762:OTDOAH>2.0.CO;2},
    eprint = {https://journals.ametsoc.org/jamc/article-pdf/40/4/762/3285974/1520-0450(2001)040\_0762\_otdoah\_2\_0\_co\_2.pdf},
}





https://journals.ametsoc.org/jamc/article/40/4/762/16037/On-the-Definition-of-a-Heat-Wave