Planton, Serge (France; editor) (2013). "Annex III. Glossary: IPCC – Intergovernmental Panel on Climate Change" (PDF). IPCC Fifth Assessment Report. p. 1450. Archived from the original (PDF) on 2016-05-24. Retrieved 25 July 2016.

@Manual{IPCC,
  title = {Annex III. Glossary: IPCC – Intergovernmental Panel on Climate Change},
  author = {{Serge Planton}},
  organization = {IPCC},
  year = {2016},
  pages = {1450},
  url = {https://web.archive.org/web/20160524223615/http://www.ipcc.ch/pdf/assessment-report/ar5/wg1/WG1AR5_AnnexIII_FINAL.pdf},
}

@Manual{NOAA,
  title = {U.S. Local CLimatological Data (LCD)},
  url = {https://www.ncei.noaa.gov/metadata/geoportal/rest/metadata/item/gov.noaa.ncdc:C00684/html#}
}

@Manual{DryBulb,
  title = {Looking across the water: Climate-adaptive buildings in the United States & Europe},
  author = {{D.H Nall}},
  organization = {The Construction Specifier},
  year = {2004-11},
  pages = {550-56}
}
